<?xml version="1.0" encoding="UTF-8"?><record xmlns="http://www.loc.gov/MARC21/slim" xmlns:cinclude="http://apache.org/cocoon/include/1.0" xmlns:zs="http://www.loc.gov/zing/srw/">
  <leader>00486nz  a2200133n  4500</leader>
  <controlfield tag="001">n 2015074541</controlfield>
  <controlfield tag="003">DLC</controlfield>
  <controlfield tag="005">20151230095249.0</controlfield>
  <controlfield tag="008">151230n| azannaabn          |n aaa      </controlfield>
  <datafield tag="010" ind1=" " ind2=" ">
    <subfield code="a">n 2015074541</subfield>
  </datafield>
  <datafield tag="040" ind1=" " ind2=" ">
    <subfield code="a">DLC</subfield>
    <subfield code="b">eng</subfield>
    <subfield code="e">rda</subfield>
    <subfield code="c">DLC</subfield>
  </datafield>
  <datafield tag="100" ind1="1" ind2=" ">
    <subfield code="a">Frédérich, Bruno</subfield>
  </datafield>
  <datafield tag="670" ind1=" " ind2=" ">
    <subfield code="a">Biology of damselfishes, 2016:</subfield>
    <subfield code="b">ECIP t.p. (Bruno Frederich) ch. 1 (Bruno Frédérich; Université de Liège [Belgium])</subfield>
  </datafield>
  <datafield tag="670" ind1=" " ind2=" ">
    <subfield code="a">National Library of France via VIAF, Dec. 20, 2015</subfield>
    <subfield code="b">(hdg.: Frédérich, Bruno)</subfield>
  </datafield>
</record>